@article{jordan1994hierarchical,
	title={Hierarchical mixtures of experts and the EM algorithm},
	author={Jordan, Michael I and Jacobs, Robert A},
	journal={Neural computation},
	volume={6},
	number={2},
	pages={181--214},
	year={1994},
	publisher={MIT Press}
}